####################################
#####                          #####
#####     THEORETICAL PART     #####
#####                          #####
####################################


@article{nonlinear_optimal:kerswell:2014,
  author={R R Kerswell and C C T Pringle and A P Willis},
  title={An optimization approach for analysing nonlinear stability with transition to turbulence in fluids as an exemplar},
  journal={Reports on Progress in Physics},
  volume={77},
  number={8},
  pages={085901},
  url={http://stacks.iop.org/0034-4885/77/i=8/a=085901},
  year={2014},
  }

@article{amr:schmid:2014,
  title={{Analysis of fluid systems: Stability, receptivity, sensitivity. Lecture notes from the FLOW-NORDITA summer school on advanced instability methods for complex flows, Stockholm, Sweden, 2013}},
  author={Schmid, P J and Brandt, L},
  journal={Applied Mechanics Reviews},
  volume={66},
  number={2},
  pages={024803},
  year={2014},
  publisher={American Society of Mechanical Engineers}
}

@book{book:boyd:2004,
  title={Convex optimization},
  author={Boyd, S and Vandenberghe, L},
  year={2004},
  publisher={Cambridge university press}
}





#####################################
#####                           #####
#####     NUMERICAL METHODS     #####
#####                           #####
#####################################

#####     FIXED POINT COMPUTATION     #####

@article{pof:akervik:2006,
  title={Steady solutions of the Navier-Stokes equations by selective frequency damping},
  author={{\AA}kervik, E and Brandt, L and Henningson, D S and H{\oe}pffner, J and Marxen, O and Schlatter, P},
  journal={Physics of fluids},
  volume={18},
  number={6},
  pages={068102},
  year={2006},
  publisher={AIP}
}

@article{pof:pruett:2003,
  title={The temporally filtered Navier--Stokes equations: properties of the residual stress},
  author={Pruett, CD and Gatski, TB and Grosch, Chester E and Thacker, WD},
  journal={Physics of Fluids},
  volume={15},
  number={8},
  pages={2127--2140},
  year={2003},
  publisher={AIP}
}

@article{pof:pruett:2006,
  title={A temporal approximate deconvolution model for large-eddy simulation},
  author={Pruett, CD and Thomas, BC and Grosch, CE and Gatski, TB},
  journal={Physics of Fluids},
  volume={18},
  number={2},
  pages={028104},
  year={2006},
  publisher={AIP}
}

@article{pof:jordi:2015,
  author = {Bastien E. Jordi and Colin J. Cotter and Spencer J. Sherwin},
  title = {An adaptive selective frequency damping method},
  journal = {Physics of Fluids},
  volume = {27},
  number = {9},
  pages = {094104},
  year = {2015},
  doi = {10.1063/1.4932107},
}

@article{pof:jordi:2014,
  author = {Bastien E. Jordi and Colin J. Cotter and Spencer J. Sherwin},
  title = {Encapsulated formulation of the selective frequency damping method},
  journal = {Physics of Fluids},
  volume = {26},
  number = {3},
  pages = {034101},
  year = {2014},
  doi = {10.1063/1.4867482},
}

@article{cf:richez:2016,
  title = "Selective frequency damping method for steady RANS solutions of turbulent separated flows around an airfoil at stall",
  journal = "Computers \& Fluids",
  volume = "132",
  number = "Supplement C",
  pages = "51 - 61",
  year = "2016",
  issn = "0045-7930",
  doi = "https://doi.org/10.1016/j.compfluid.2016.03.027",
  url = "http://www.sciencedirect.com/science/article/pii/S0045793016300871",
  author = "F. Richez and M. Leguille and O. Marquet",
  keywords = "Selective frequency damping, RANS equations, Stall, Multiple steady solutions"
}

@article{pof:cunha:2015,
  author = {Guilherme Cunha and Pierre-Yves Passaggia and Marc Lazareff},
  title = {Optimization of the selective frequency damping parameters using model reduction},
  journal = {Physics of Fluids},
  volume = {27},
  number = {9},
  pages = {094103},
  year = {2015},
  doi = {10.1063/1.4930925},
}

@article{prf:leopold:2017,
  title={Time-delayed feedback technique for suppressing instabilities in time-periodic flow},
  author={Shaabani-Ardali, L{\'e}opold and Sipp, Denis and Lesshafft, Lutz},
  journal={Physical Review Fluids},
  volume={2},
  number={11},
  pages={113904},
  year={2017},
  publisher={APS}
}
